
@book{tufte_visual_2001,
	location = {Cheshire, Connecticut},
	title = {The Visual Display of Quantitative Information},
	publisher = {Graphics Press},
	author = {Tufte, Edward},
	urldate = {2019-03-18},
	date = {2001-01-01}
}

@book{wickham_ggplot2:_nodate,
	title = {ggplot2: Elegant Graphics for Data Analysis (Use R!)},
	publisher = {Springer},
	author = {Wickham, Hadley},
	urldate = {2019-03-18},
	file = {ggplot2\: Elegant Graphics for Data Analysis (Use R!)\: Hadley Wickham\: 9783319242750\: Amazon.com\: Gateway:C\:\\Users\\USER\\Zotero\\storage\\HPN6R3EL\\ref=sr_1_1.html:text/html}
}

@book{teetor_r_2011,
	title = {R Cookbook: Proven Recipes for Data Analysis, Statistics, and Graphics},
	isbn = {8601400898512},
	shorttitle = {R Cookbook},
	publisher = {O'Reilly Media},
	author = {Teetor, Paul},
	urldate = {2019-03-18},
	date = {2011-03-25}
	file = {R Cookbook\: Proven Recipes for Data Analysis, Statistics, and Graphics (O'reilly Cookbooks)\: Paul Teetor\: 8601400898512\: Amazon.com\: Gateway:C\:\\Users\\USER\\Zotero\\storage\\EPQ89PJ4\\ref=sr_1_1.html:text/html}
}

@book{wickham_r_2017,
	edition = {1st},
	title = {R for Data Science: Import, Tidy, Transform, Visualize, and Model Data},
	isbn = {978-1-4919-1039-9},
	shorttitle = {R for Data Science},
	publisher = {O'Reilly Media},
	author = {Wickham, Hadley and Grolemund, Garreth},
	urldate = {2019-03-18},
	date = {2017-01-05},
	file = {Amazon.com\: R for Data Science\: Import, Tidy, Transform, Visualize, and Model Data (9781491910399)\: Hadley Wickham, Garrett Grolemund\: Gateway:C\:\\Users\\USER\\Zotero\\storage\\N5X46TS7\\ref=sr_1_3.html:text/html}
}